@book{Design_Sprint,
  author    = {Jana Noack and José Díaz},
  title     = {Das Design Sprint Handbuch},
  publisher = {dpunkt.verlag},
  year      = {2019},
  edition   = {1},
  isbn      = {978-3-86490-656-5}
}

@book{Canziba,
  author    = {Elvis Canziba},
  title     = {Hands-On UX Design for Developers},
  publisher = {Packt},
  year      = {2018},
  isbn      = {9781788626699}
}

@book{Bordegoni,
  author    = {Monica Bordegoni, Marina Carulli and Elena Spadoni},
  title     = {Prototyping User eXperience in eXtended Reality},
  publisher = {Springer Cham},
  year      = {2023},
  isbn      = {978-3-031-39683-0}
}

@book{Nielsen,
  author    = {Jakob Nielsen},
  title     = {Usability Engineering},
  publisher = {Morgan Kaufmann Publishers Inc.},
  year      = {1994},
  isbn      = {978-0-08-052029-2}
}

@book{eye_tracking,
  author    = {Jennifer Romano Bergstrom and Andrew Schall},
  title     = {Eye Tracking in User Experience Design},
  publisher = {Elsevier Science},
  year      = {2014},
  isbn      = {978-0-12-408138-3}
}

@book{Cantelon2014,
  author    = {Mike Cantelon, Marc Harter, TJ Holowaychuk and Nathan Rajlich},
  title     = {Node.js in Action},
  publisher = {Manning Publications},
  year      = {2014}
}

@book{Casciaro2020node,
  author    = {Mario Casciaro and Luciano Mammino},
  title     = {Node.js Design Patterns: Design and implement production-grade Node.js applications using proven patterns and techniques},
  publisher = {Packt Publishing},
  year      = {2020},
  edition   = {3rd},
  isbn      = {978-1839214110}
}

@book{Banker2016MongoDB,
  author    = {Kyle Banker and Peter Bakkum and Shaun Verch and Doug Garrett and Tim Hawkins},
  title     = {MongoDB in Action: Covers MongoDB version 3.0},
  publisher = {Manning Publications Co.},
  year      = {2016},
  edition   = {2nd},
  isbn      = {1617291609}
}

@book{angular_testing,
  author={Yakov Fain, Anton Moiseev},
  title={Angular Development with TypeScript},
  publisher={Manning},
  year={2018},
  isbn={9781638355250}
}

@article{Tractinsky,
  author    = {Noam Tractinsky, Adi Katz and D. Ikar},
  title     = {What is beautiful is usable},
  journal   = {Interacting with Computers},
  year      = {2000},
  pages     = {127-145}
}

@article{ux_article,
  author    = {Aurora Berni, Yuri Borgianni, Demis Basso and Claus-Christian Carbon},
  title     = {Fundamentals and issues of user experience in the process of designing consumer products},
  journal   = {Design Science},
  year      = {2023},
  pages     = {1-36}
}

@article{emotion,
  author    = {Marc Hassenzahl},
  title     = {The Interplay of Beauty, Goodness, and Usability in Interactive Products},
  journal   = {Human-Computer Interaction},
  year      = {2004},
  pages     = {319-349}
}

@article{ux_bewertung_interview,
  author    = {Marc Hassenzahl and Noam Tractinsky},
  title     = {User experience - A research agenda},
  journal   = {Behaviour and Information Technology},
  year      = {2006},
  pages     = {91-97}
}

@article{Tilkov2010,
  author    = {Stefan Tilkov and Steve Vinoski},
  title     = {Node.js: Using JavaScript to Build High-Performance Network Programs},
  journal   = {IEEE Internet Computing},
  year      = {2010},
  volume    = {14},
  number    = {6},
  pages     = {80-83}
}

@article{diva2020darkmode,
  author = {Henriette Eisfeld, Felix Kristallovich},
  title = {The Rise of Dark Mode - A qualitative study of an emerging user interface design trend},
  year = {2020}
}

@online{angular_arch, 
  title     = {Introduction to Angular concepts},
  url       = {https://angular.io/guide/architecture},
  urldate   = {2024-05-20}
}

@online{angular_routes, 
  title     = {Common Routing Tasks},
  url       = {https://angular.dev/guide/routing/common-router-tasks},
  urldate   = {2024-06-18}
}

@online{GDS_Abbildung, 
  title     = {Google Design Sprint: a beginner guide},
  url       = {https://medium.com/productschool/google-design-sprint-a-beginner-guide-835301d2d301},
  urldate   = {2024-05-26}
}

@online{iso, 
  title     = {ISO 9241-210:2019(en) Ergonomics of human-system interaction — Part 210: Human-centred design for interactive systems},
  url       = {https://www.iso.org/obp/ui#iso:std:iso:9241:-210:ed-2:v1:en},
  urldate   = {2024-05-28}
}

@online{interaction_design, 
  title     = {Interaction Design (IxD)},
  url       = {https://www.interaction-design.org/literature/topics/interaction-design},
  urldate   = {2024-05-28}
}

@online{image_eye_tracking, 
  title     = {Eye-tracking: a comprehensive guide},
  url       = {https://courseux.com/eye-tracking/},
  urldate   = {2024-05-28}
}

@misc{ilo2018,
  author       = {{International Labour Organization}},
  title        = {Working Time and the Future of Work},
  year         = {2018},
  month        = nov,
  url          = {https://www.ilo.org/publications/working-time-and-future-work},
  urldate      = {2024-06-16}
}